<?xml version="1.0" encoding="UTF-8"?><collection><record><leader>02809ntm a2200373 a 4500</leader><controlfield tag="001">002594340</controlfield><controlfield tag="003">MiAaHDL</controlfield><controlfield tag="005">20190719000000.0</controlfield><controlfield tag="006">m        d        </controlfield><controlfield tag="007">cr bn ---auaua</controlfield><controlfield tag="008">930210q17001750xx            00||  ara d</controlfield><datafield tag="035" ind1=" " ind2=" "><subfield code="a">(MiU)002594340</subfield></datafield><datafield tag="035" ind1=" " ind2=" "><subfield code="a">sdr-miu002594340</subfield></datafield><datafield tag="035" ind1=" " ind2=" "><subfield code="a">(OCoLC)34365804</subfield></datafield><datafield tag="035" ind1=" " ind2=" "><subfield code="a">(RLIN)MIUH93-A8</subfield></datafield><datafield tag="040" ind1=" " ind2=" "><subfield code="a">MiU</subfield><subfield code="c">MiU</subfield><subfield code="e">appm</subfield><subfield code="d">MiU</subfield></datafield><datafield tag="100" ind1="1" ind2=" "><subfield code="6">880-01</subfield><subfield code="a">Khawānikī, Ramaḍān ibn Ṣāliḥ al-Safaṭī,</subfield><subfield code="d">d. 1745.</subfield></datafield><datafield tag="245" ind1="1" ind2="0"><subfield code="6">880-02</subfield><subfield code="a">Kifāyat al-ṭālib li-ʻilm al-waqt wa-bughyat al-rāghib fī maʻrifat al-dāyir wa-faḍlihi wa-al-samt :</subfield><subfield code="k">manuscript,</subfield><subfield code="f">[1st half of 18th cent.?] /</subfield><subfield code="c">li-sayyidī Ramaḍān al-Khawānikī.</subfield></datafield><datafield tag="300" ind1=" " ind2=" "><subfield code="a">1</subfield><subfield code="f">v. ([161] p. on 41 lvs.) ;</subfield><subfield code="c">24 cm.</subfield></datafield><datafield tag="500" ind1=" " ind2=" "><subfield code="a">Watermark: Scrollwork.</subfield></datafield><datafield tag="500" ind1=" " ind2=" "><subfield code="a">Text and marginal notes rubricated; marginal notes and corrections in hand of copyist; foliation added by copyist (?).</subfield></datafield><datafield tag="500" ind1=" " ind2=" "><subfield code="a">Possible early to mid-18th cent. date based on author's death date.</subfield></datafield><datafield tag="510" ind1="4" ind2=" "><subfield code="a">GAL,</subfield><subfield code="c">Suppl. II, p. 487; King, Survey, p. 111; Heyworth-Dunne, Intro. to Hist. of Ed. in Mod. Eg., p. 79.</subfield></datafield><datafield tag="520" ind1=" " ind2=" "><subfield code="a">"A treatise on timekeeping in 23 bābs." David A. King, A Survey of the Scientific Manuscripts in the Egyptian National Library (Winona Lake, 1986), p. 111. Marginal note on p. [1] refers to works of Ḥasan al-Jabartī on timekeeping.</subfield></datafield><datafield tag="538" ind1=" " ind2=" "><subfield code="a">Mode of access: Internet.</subfield></datafield><datafield tag="541" ind1=" " ind2=" "><subfield code="d">07/--/36</subfield><subfield code="3">Manuscript</subfield><subfield code="a">McGregor Fund</subfield><subfield code="c">Purchase, 1933/34</subfield><subfield code="h">150 p.t.</subfield></datafield><datafield tag="545" ind1=" " ind2=" "><subfield code="a">Important 18th-century Egyptian astronomer; pupil of Egyptian astronomers Riḍwān Afandī al-Falakī (d. 1710) and Muḥammad al-Birshamsī; close friend of Ḥasan al-Jabartī; his writings very popular in 18th-19th centuries. See J. Heyworth-Dunne, An Introduction to the History of Education in Modern Egypt (London, 1938), p. 79.</subfield></datafield><datafield tag="561" ind1=" " ind2=" "><subfield code="a">Purchased in Cairo, 1933/34. Owners' marks: on p. [1], owner's seal and autograph: min niʻmat Allāh taʻālá ʻalá ʻabdhihi al-faqīr Aḥmad Ḥ[?]; on p. [1], owner's seal: min mumtalakāt al-faqīr ʻAbd al-Ḥamīd Nāfiʻ; on p. [1], manuscript notes in handwriting of Max Meyerhof.</subfield></datafield><datafield tag="650" ind1=" " ind2="0"><subfield code="a">Horology</subfield><subfield code="y">Early works to 1800.</subfield></datafield><datafield tag="650" ind1=" " ind2="0"><subfield code="a">Astronomy, Arab</subfield><subfield code="y">Early works to 1800.</subfield></datafield><datafield tag="650" ind1=" " ind2="0"><subfield code="a">Manuscripts, Arabic</subfield><subfield code="z">Michigan</subfield><subfield code="z">Ann Arbor.</subfield></datafield><datafield tag="700" ind1="1" ind2=" "><subfield code="a">Meyerhof, Max,</subfield><subfield code="d">1874-1945,</subfield><subfield code="e">former owner.</subfield></datafield><datafield tag="773" ind1="0" ind2=" "><subfield code="7">unbc</subfield><subfield code="a">Tracy W. McGregor Collection of Arabic, Persian, and Turkish Mathematical and Astronomical Manuscripts.</subfield><subfield code="w">(CStRLIN)MIUH92-A20.</subfield></datafield><datafield tag="880" ind1="1" ind2="0"><subfield code="6">245-02/</subfield><subfield code="a">كفاية الطالب لعلم الوقت وبغية الراغب في معرفة الداير وفضله والسمت :</subfield><subfield code="k">manuscript،</subfield><subfield code="f">[1st half of 18th cent.?] /</subfield><subfield code="c">لسيدي رمضان الخوانكي.</subfield></datafield><datafield tag="880" ind1="0" ind2=" "><subfield code="6">100-01/</subfield><subfield code="a">رمضان بن صالح السفطي الخوانكي.</subfield></datafield><datafield tag="CID" ind1=" " ind2=" "><subfield code="a">002594340</subfield></datafield><datafield tag="DAT" ind1="0" ind2=" "><subfield code="a">20190719102632.0</subfield><subfield code="b">20190719000000.0</subfield></datafield><datafield tag="DAT" ind1="1" ind2=" "><subfield code="a">20190719090653.0</subfield><subfield code="b">2019-07-19T16:10:35Z</subfield></datafield><datafield tag="DAT" ind1="2" ind2=" "><subfield code="a">2015-10-02T18:00:03Z</subfield></datafield><datafield tag="CAT" ind1=" " ind2=" "><subfield code="a">SDR-MIU</subfield><subfield code="d">EX LIBRIS - ALEPH</subfield><subfield code="l">prepare.pl-004-008</subfield></datafield><datafield tag="FMT" ind1=" " ind2=" "><subfield code="a">BK</subfield></datafield><datafield tag="HOL" ind1=" " ind2=" "><subfield code="0">sdr-miu002594340</subfield><subfield code="a">MiU</subfield><subfield code="b">SDR</subfield><subfield code="c">MIU</subfield><subfield code="p">mdp.39015081447206</subfield><subfield code="s">MIU</subfield><subfield code="1">002594340</subfield></datafield><datafield tag="974" ind1=" " ind2=" "><subfield code="b">MIU</subfield><subfield code="c">MIU</subfield><subfield code="d">20190719</subfield><subfield code="s">lit-dlps-dc</subfield><subfield code="u">mdp.39015081447206</subfield><subfield code="y">1750</subfield><subfield code="r">pd</subfield><subfield code="q">bib</subfield><subfield code="t">non-US bib date2 &lt; 1879</subfield></datafield></record></collection>